@book{SM,
	title = {Why is the Higgs discovery so significant?},
	publisher = {Science and Technology Facilities Council},
	year = {2017},
	url = {https://stfc.ukri.org/research/particle-physics-and-particle-astrophysics/peter-higgs-a-truly-british-scientist/why-is-the-higgs-discovery-so-significant/}
}

@book{PauliPrinciple,
	title={Pauli’s Exclusion Principle},
	author={Michela Massimi},
	year={2005},
	publisher={Cambridge University Press},
	ISBN={0-521-83911-4}
}

@article{GravitationalwaveDiscovery,
	title={Observation of gravitational waves from a binary black hole merger},
	author={Abbott, Benjamin P and Abbott, Richard and Abbott, TD and Abernathy, MR and Acernese, Fausto and Ackley, Kendall and Adams, Carl and Adams, Thomas and Addesso, Paolo and Adhikari, RX and others},
	journal={Physical review letters},
	volume={116},
	number={6},
	pages={061102},
	year={2016},
	publisher={APS}
}

@book{QED,
	title={QED: The strange theory of light and matter},
	author={Feynman, Richard Phillips},
	year={2006},
	publisher={Princeton University Press}
}


@article{QCD,
	title={Quantum chromodynamics},
	author={Ecker, Gerhard},
	journal={arXiv preprint hep-ph/0604165},
	year={2006}
}

@article{EWT,
	title={The standard electroweak theory and beyond},
	author={Altarelli, Guido},
	journal={arXiv preprint hep-ph/9811456},
	pages={27--93},
	year={2000}
}

@article{HiggsATLAS,
	title={Observation of a new particle in the search for the Standard Model Higgs boson with the ATLAS detector at the LHC},
	author={Aad, Georges and Abajyan, Tatevik and Abbott, B and Abdallah, J and Khalek, S Abdel and Abdelalim, Ahmed Ali and Aben, R and Abi, B and Abolins, M and AbouZeid, OS and others},
	journal={Physics Letters B},
	volume={716},
	number={1},
	pages={1--29},
	year={2012},
	publisher={Elsevier}
}

@article{HiggsCMS,
	title={Observation of a new boson at a mass of 125 GeV with the CMS experiment at the LHC},
	author={Chatrchyan, Serguei and Khachatryan, Vardan and Sirunyan, Albert M and Tumasyan, Armen and Adam, Wolfgang and Aguilo, Ernest and Bergauer, Thomas and Dragicevic, M and Er{\"o}, J and Fabjan, C and others},
	journal={Physics Letters B},
	volume={716},
	number={1},
	pages={30--61},
	year={2012},
	publisher={Elsevier}
}

@booklet{PhysicsHypertextbook,
	title={The Physics Hypertextbook},
	author={Glenn Elert},
	year={1998-2020},
	chapter={The Standard Model},
	URL={https://physics.info/standard/}
}

@article{NeutrionOscillation,
	title={Evidence for oscillation of atmospheric neutrinos},
	author={Fukuda, Y and Hayakawa, T and Ichihara, E and Inoue, K and Ishihara, K and Ishino, Hirokazu and Itow, Y and Kajita, T and Kameda, J and Kasuga, S and others},
	journal={Physical Review Letters},
	volume={81},
	number={8},
	pages={1562},
	year={1998},
	publisher={APS}
}

@article{CPT,
	title={The status of CPT},
	author={Kostelecky, Alan},
	journal={arXiv preprint hep-ph/9810365},
	year={1998}
}

@book{mandl2010quantum,
	title={Quantum field theory},
	author={Mandl, Franz and Shaw, Graham},
	year={2010},
	publisher={John Wiley \& Sons}
}

@inproceedings{Bellac1991QuantumAS,
	title={Quantum and statistical field theory},
	author={M. Bellac},
	year={1991}
}

@article{glashow1961partial,
	title={Partial-symmetries of weak interactions},
	author={Glashow, Sheldon L},
	journal={Nuclear physics},
	volume={22},
	number={4},
	pages={579--588},
	year={1961},
	publisher={Elsevier},
	DOI={https://doi.org/10.1016/0029-5582(61)90469-2}
}

@article{weinberg1967model,
	title={A model of leptons},
	author={Weinberg, Steven},
	journal={Physical review letters},
	volume={19},
	number={21},
	pages={1264},
	year={1967},
	publisher={APS},
	DOI={https://doi.org/10.1103/PhysRevLett.19.1264}
}

@inproceedings{salam1968n,
	title={N. Svartholm, ed. Elementary Particle Physics: Relativistic Groups and Analyticity},
	author={Salam, A},
	booktitle={Eighth Nobel Symposium. Stockholm: Almquvist and Wiksell},
	pages={367},
	year={1968}
}

@book{NobelPrizeEWT,
	title={{Press release: The Nobel Prize in Physics 1979}},
	year={1979},
	publisher={Nobel Media AB 2020},
	URL={https://www.nobelprize.org/prizes/physics/1979/press-release/}
}

@article{salam1979nobel,
	title={{Nobel Prize for Physics, 1979}},
	author={Salam, Abdus and Weinberg, Steven},
	journal={CERN Courier},
	pages={395},
	year={1979}
}

@article{Yang-Mills,
	title = {Conservation of Isotopic Spin and Isotopic Gauge Invariance},
	author = {Yang, C. N. and Mills, R. L.},
	journal = {Phys. Rev.},
	volume = {96},
	issue = {1},
	pages = {191--195},
	numpages = {0},
	year = {1954},
	month = {Oct},
	publisher = {American Physical Society},
	doi = {10.1103/PhysRev.96.191},
	url = {https://link.aps.org/doi/10.1103/PhysRev.96.191}
}

@book{thomson2013modern,
	title = {"Modern particle physics},
	author = {Thomson, Mark},
	year = {2013},
	publisher = {Cambridge University Press}
}

@article{goldstone1961field,
	title={Field theories with {\guillemotleft}Superconductor{\guillemotright} solutions},
	author={Goldstone, Jeffrey},
	journal={Il Nuovo Cimento (1955-1965)},
	volume={19},
	number={1},
	pages={154--164},
	year={1961},
	publisher={Springer},
	doi={10.1007/BF02812722}
}

@incollection{least_action,
	title={The principle of least action in quantum mechanics},
	author={Feynman, Richard P},
	booktitle={Feynman's Thesis—A New Approach To Quantum Theory},
	pages={1--69},
	year={2005},
	publisher={World Scientific},
	doi={https://doi.org/10.1142/9789812567635_0001}
}

@misc{gibney2015neutrino,
	title={Neutrino flip wins physics prize},
	author={Gibney, Elizabeth and Castelvecchi, Davide},
	year={2015},
	publisher={Nature Publishing Group MACMILLAN BUILDING, 4 CRINAN ST, LONDON N1 9XW, ENGLAND}
}

@book{MSSM,
	title={Weak scale supersymmetry: From superfields to scattering events},
	author={Baer, Howard and Tata, Xerxes},
	year={2006},
	publisher={Cambridge University Press},
	pages={127},
	chapter={8}
}

@article{MARTIN_1998,
	title={A SUPERSYMMETRY PRIMER},
	ISBN={9789812839657},
	ISSN={1793-1339},
	url={http://dx.doi.org/10.1142/9789812839657_0001},
	DOI={10.1142/9789812839657_0001},
	journal={Advanced Series on Directions in High Energy Physics},
	publisher={WORLD SCIENTIFIC},
	author={MARTIN, STEPHEN P.},
	year={1998},
	month={Jul},
	pages={1–98}
}

@incollection{mohapatra2005seesaw,
	title={Seesaw mechanism and its implications},
	author={Mohapatra, Rabindra N},
	booktitle={SEESAW 25},
	pages={29--44},
	year={2005},
	publisher={World Scientific}
}

@article{inverseseesaw,
	title={{Heavy neutrinos with dynamic jet vetoes: multilepton searches at $\ensuremath{\sqrt{s}}$= 14, 27, and 100 TeV}},
	author={Pascoli, Silvia and Ruiz, Richard and Weiland, Cedric},
	journal={Journal of High Energy Physics},
	volume={2019},
	number={6},
	pages={49},
	year={2019},
	publisher={Springer}
}

@article{mymodel,
	title={{Testing the 2-TeV resonance with trileptons}},
	author={Das, Arindam and Nagata, Natsumi and Okada, Nobuchika},
	journal={Journal of High Energy Physics},
	volume={2016},
	number={3},
	pages={49},
	year={2016},
	publisher={Springer}
}

@article{chang2000pseudo,
	title={Pseudo-Dirac neutrinos},
	author={Chang, Darwin and Kong, Otto CW},
	journal={Physics Letters B},
	volume={477},
	number={4},
	pages={416--423},
	year={2000},
	publisher={Elsevier}
}

@article{balaji2002revisiting,
	title={Revisiting pseudo-Dirac neutrinos},
	author={Balaji, KRS and Kalliom{\"a}ki, Anna and Maalampi, Jukka},
	journal={Physics Letters B},
	volume={524},
	number={1-2},
	pages={153--160},
	year={2002},
	publisher={Elsevier}
}

@article{mohapatraNaturalLeftRight,
	title = {"Natural" left-right symmetry},
	author = {Mohapatra, R. N. and Pati, J. C.},
	journal = {Phys. Rev. D},
	volume = {11},
	issue = {9},
	pages = {2558--2561},
	numpages = {0},
	year = {1975},
	month = {May},
	publisher = {American Physical Society},
	doi = {10.1103/PhysRevD.11.2558},
	url = {https://link.aps.org/doi/10.1103/PhysRevD.11.2558}
}

@article{patisalamLeptonnumber,
	title = {Lepton number as the fourth "color"},
	author = {Pati, Jogesh C. and Salam, Abdus},
	journal = {Phys. Rev. D},
	volume = {10},
	issue = {1},
	pages = {275--289},
	numpages = {0},
	year = {1974},
	month = {Jul},
	publisher = {American Physical Society},
	doi = {10.1103/PhysRevD.10.275},
	url = {https://link.aps.org/doi/10.1103/PhysRevD.10.275}
}

@article{mohaptrapaleftrightCP,
	title = {Left-right gauge symmetry and an "isoconjugate" model of $\mathrm{CP}$ violation},
	author = {Mohapatra, Rabindra N. and Pati, Jogesh C.},
	journal = {Phys. Rev. D},
	volume = {11},
	issue = {3},
	pages = {566--571},
	numpages = {0},
	year = {1975},
	month = {Feb},
	publisher = {American Physical Society},
	doi = {10.1103/PhysRevD.11.566},
	url = {https://link.aps.org/doi/10.1103/PhysRevD.11.566}
}

@article{senjanovicleftrightPviolation,
	title = {Exact left-right symmetry and spontaneous violation of parity},
	author = {Senjanovic, G. and Mohapatra, R. N.},
	journal = {Phys. Rev. D},
	volume = {12},
	issue = {5},
	pages = {1502--1505},
	numpages = {0},
	year = {1975},
	month = {Sep},
	publisher = {American Physical Society},
	doi = {10.1103/PhysRevD.12.1502},
	url = {https://link.aps.org/doi/10.1103/PhysRevD.12.1502}
}

@article{dev2019vacuumleftright,
	title={Vacuum structure of the left-right symmetric model},
	author={Dev, PS Bhupal and Mohapatra, Rabindra N and Rodejohann, Werner and Xu, Xun-Jie},
	journal={Journal of High Energy Physics},
	volume={2019},
	number={2},
	pages={154},
	year={2019},
	publisher={Springer}
}

@incollection{AboutCERN,
	title={{About CERN}},
	publisher={CERN},
	url={https://home.cern/about},
	year={(10.12.20)}
}

@book{mcpherson2009WWW,
	title={Tim Berners-Lee: Inventor of the World Wide Web},
	author={McPherson, Stephanie Sammartino},
	year={2009},
	publisher={Twenty-First Century Books}
}

@article{MobsCERNLayout,
	author        = "Mobs, Esma",
	title         = "{The CERN accelerator complex - 2019. Complexe des
	accélérateurs du CERN - 2019}",
	month         = "Jul",
	year          = "2019",
	reportNumber  = "CERN-GRAPHICS-2019-002",
	url           = "https://cds.cern.ch/record/2684277",
	note          = "General Photo",
}

@article{CEPClou,
	title={{The Circular Electron Positron Collider}},
	author={Lou, XinChou},
	journal={Nat. Rhev. Phys.},
	volume={1},
	pages={232-234},
	year={2019},
	DOI={https://doi.org/10.1038/s42254-019-0047-1},
}

@article{CEPCgao2018,
	title={{China’s bid for a circular electron-positron collider}},
	author={Gao, Jie},
	journal={CERN Courier},
	year={2018}
}


@article{ILCmichizono,
	title={{The International Linear Collider}},
	author={Michizono, Shinichiro},
	journal={Nat. Rhev. Phys.},
	volume={1},
	pages={244-245},
	year={2019},
	DOI={https://doi.org/10.1038/s42254-019-0044-4},
}

@article{ILCbambade2019,
	title={The international linear collider: a global project},
	author={Bambade, Philip and Barklow, Tim and Behnke, Ties and Berggren, Mikael and Brau, James and Burrows, Philip and Denisov, Dmitri and Faus-Golfe, Angeles and Foster, Brian and Fujii, Keisuke and others},
	journal={arXiv preprint arXiv:1903.01629},
	year={2019}
}

@incollection{LHCatCERN,
	title={{The Large Hadron Collider}},
	publisher={CERN},
	url={https://home.cern/science/accelerators/large-hadron-collider},
	year={(11.12.20)}
}

@incollection{AccatCERN,
	title={{Accelerators}},
	publisher={CERN},
	url={https://home.cern/science/accelerators},
	year={(11.12.20)}
}

@incollection{DetectorsatCERN,
	title={{Experiments: LHC experiments}},
	publisher={CERN},
	url={https://home.cern/science/experiments},
	year={(11.12.20)}
}

@article{gramstad2013searches,
	title={{Searches for Supersymmetry in di-Lepton Final States with the ATLAS Detector at $\ensuremath{\sqrt{s}}$= 7 TeV}},
	author={Gramstad, Eirik},
	year={2013}
}

@article{field2002hardscattering,
	title={The underlying event in hard scattering processes},
	author={Field, Richard D},
	journal={arXiv preprint hep-ph/0201192},
	year={2002}
}

@book{atlasLuminosity,
	title={ATLAS detector and physics performance: Technical Design Report, 1},
	author={Airapetian, A and Dodonov, V and Micu, L and Axen, D and Vinogradov, V and Akerman, D and Szeless, B and Chochula, P and Geich-Gimbel, C and Schacht, P and others},
	number={CERN-LHCC-99-014},
	year={1999},
	volume={1}.
	publisher={ATLAS-TDR-014},
	url={http://atlas.web.cern.ch/Atlas/GROUPS/PHYSICS/TDR/access.html},
}

@article{cross_sectionATLAS,
	title = {{Measurement of the Inelastic Proton-Proton Cross Section at $\ensuremath{\sqrt{s}}$=13 TeV with the ATLAS Detector at the LHC}},
	author = {ATLAS Collaboration},
	collaboration = {ATLAS Collaboration},
	journal = {Phys. Rev. Lett.},
	volume = {117},
	issue = {18},
	pages = {182002},
	numpages = {19},
	year = {2016},
	month = {Oct},
	publisher = {American Physical Society},
	doi = {10.1103/PhysRevLett.117.182002},
	url = {https://link.aps.org/doi/10.1103/PhysRevLett.117.182002}
}

@article{mymodel2,
	title={{Search for heavy neutrinos and W bosons with right-handed couplings in proton-proton collisions at $\ensuremath{\sqrt{s}}$= 8TeV}},
	author={{CMS Collaboration} and Khachatryan, Vardan and Sirunyan, Albert M and Tumasyan, Armen and Adam, Wolfgang and Bergauer, Thomas and Dragicevic, Marko and Er{\"o}, Janos and Fabjan, Christian and Friedl, Markus and Fruehwirth, Rudolf and others},
	journal={The European Physical Journal C},
	volume={74},
	number={11},
	pages={3149},
	year={2014},
	publisher={Springer},
	doi={https://doi.org/10.1140/epjc/s10052-014-3149-z},
}

@incollection{ATLASdetector,
	title={{Computer generated image of the whole ATLAS detector}},
	author={{CERN}},
	publisher={CERN Document Server},
	url={https://cds.cern.ch/record/1095924?ln=en},
	year={(01.01.21)}
}

@incollection{ATLAStracking,
	title={{How ATLAS detects particles: diagram of particle paths in the detector }},
	publisher={CERN Document Server},
	url={https://cds.cern.ch/record/1505342?ln=en},
	year={(01.01.21)}
}

@article{aad2008atlas,
	title={The ATLAS experiment at the CERN large hadron collider},
	author={{ATLAS Collaboration} and Aad, Georges and Butterworth, JM and Thion, J and Bratzler, U and Ratoff, PN and Nickerson, RB and Seixas, JM and Grabowska-Bold, I and Meisel, F and Lokwitz, S and others},
	journal={Jinst},
	volume={3},
	pages={S08003},
	year={2008}
}

@article{ATLAS_Muon_spec,
	title={Overall detector concept},
	author={{CERN}},
	journal={ATLAS Technical Proposal},
	year={1994},
}

@article{scannicchio2010atlas,
	title={ATLAS trigger and data acquisition: Capabilities and commissioning},
	author={Scannicchio, DA},
	journal={Nuclear Instruments and Methods in Physics Research Section A: Accelerators, Spectrometers, Detectors and Associated Equipment},
	volume={617},
	number={1-3},
	pages={306--309},
	year={2010},
	publisher={Elsevier}
}

@book{hastie2009elements,
	title={The elements of statistical learning: data mining, inference, and prediction},
	author={Hastie, Trevor and Tibshirani, Robert and Friedman, Jerome},
	year={2009},
	publisher={Springer Science \& Business Media}
}

@article{mehta2019high,
	title={A high-bias, low-variance introduction to machine learning for physicists},
	author={Mehta, Pankaj and Bukov, Marin and Wang, Ching-Hao and Day, Alexandre GR and Richardson, Clint and Fisher, Charles K and Schwab, David J},
	journal={Physics reports},
	volume={810},
	pages={1--124},
	year={2019},
	publisher={Elsevier}
}

@book{Goodfellow-et-al-2016,
	title={Deep Learning},
	author={Ian Goodfellow and Yoshua Bengio and Aaron Courville},
	publisher={MIT Press},
	note={\url{http://www.deeplearningbook.org}},
	year={2016}
}

@article{Ridge,
	title={The logistic lasso and ridge regression in predicting corporate failure},
	author={Pereira, Jose Manuel and Basto, Mario and da Silva, Amelia Ferreira},
	journal={Procedia Economics and Finance},
	volume={39},
	pages={634--641},
	year={2016},
	publisher={Elsevier}
}

@article{SVM,
	title={What is a support vector machine?},
	author={Noble, William S},
	journal={Nature biotechnology},
	volume={24},
	number={12},
	pages={1565--1567},
	year={2006},
	publisher={Nature Publishing Group}
}

@article{MLP,
	title={Feature selection using a multilayer perceptron},
	author={Ruck, Dennis W and Rogers, Steven K and Kabrisky, Matthew},
	journal={Journal of Neural Network Computing},
	volume={2},
	number={2},
	pages={40--48},
	year={1990}
}

@article{MLP_network,
	title={Using deep learning to investigate the neuroimaging correlates of psychiatric and neurological disorders: Methods and applications},
	author={Vieira, Sandra and Pinaya, Walter HL and Mechelli, Andrea},
	journal={Neuroscience \& Biobehavioral Reviews},
	volume={74},
	pages={58--75},
	year={2017},
	publisher={Elsevier}
}


@article{adam,
	title={Adam: A method for stochastic optimization},
	author={Kingma, Diederik P and Ba, Jimmy},
	journal={arXiv preprint arXiv:1412.6980},
	year={2014}
}

@article{DecisionTree,
	title={A survey of decision tree classifier methodology},
	author={Safavian, S Rasoul and Landgrebe, David},
	journal={IEEE transactions on systems, man, and cybernetics},
	volume={21},
	number={3},
	pages={660--674},
	year={1991},
	publisher={IEEE}
}

@article{PCA,
	title={Principal component analysis},
	author={Wold, Svante and Esbensen, Kim and Geladi, Paul},
	journal={Chemometrics and intelligent laboratory systems},
	volume={2},
	number={1-3},
	pages={37--52},
	year={1987},
	publisher={Elsevier}
}

@inproceedings{bagging,
	title={Bagging, boosting, and C4. 5},
	author={Quinlan, J Ross and others},
	booktitle={Aaai/iaai, Vol. 1},
	pages={725--730},
	year={1996}
}

@article{randomforest,
	title={Random forests},
	author={Breiman, Leo},
	journal={Machine learning},
	volume={45},
	number={1},
	pages={5--32},
	year={2001},
	publisher={Springer}
}

@article{AdaBoost,
	title={Soft margins for AdaBoost},
	author={R{\"a}tsch, Gunnar and Onoda, Takashi and M{\"u}ller, K-R},
	journal={Machine learning},
	volume={42},
	number={3},
	pages={287--320},
	year={2001},
	publisher={Springer}
}

@article{GradientBoost,
	title={Stochastic gradient boosting},
	author={Friedman, Jerome H},
	journal={Computational statistics \& data analysis},
	volume={38},
	number={4},
	pages={367--378},
	year={2002},
	publisher={Elsevier}
}

@article{lightgbm,
	title={Lightgbm: A highly efficient gradient boosting decision tree},
	author={Ke, Guolin and Meng, Qi and Finley, Thomas and Wang, Taifeng and Chen, Wei and Ma, Weidong and Ye, Qiwei and Liu, Tie-Yan},
	journal={Advances in neural information processing systems},
	volume={30},
	pages={3146--3154},
	year={2017}
}

@inproceedings{xgboost,
	title={Xgboost: A scalable tree boosting system},
	author={Chen, Tianqi and Guestrin, Carlos},
	booktitle={Proceedings of the 22nd acm sigkdd international conference on knowledge discovery and data mining},
	pages={785--794},
	year={2016}
}

@article{hardvotingclassifier,
	title={Classifier selection for majority voting},
	author={Ruta, Dymitr and Gabrys, Bogdan},
	journal={Information fusion},
	volume={6},
	number={1},
	pages={63--81},
	year={2005},
	publisher={Elsevier}
}

@article{softvotingclassifier,
	title={Class-specific soft voting based multiple extreme learning machines ensemble},
	author={Cao, Jingjing and Kwong, Sam and Wang, Ran and Li, Xiaodong and Li, Ke and Kong, Xiangfei},
	journal={Neurocomputing},
	volume={149},
	pages={275--284},
	year={2015},
	publisher={Elsevier}
}

@article{scikit-learn,
	title={Scikit-learn: Machine Learning in {P}ython},
	author={Pedregosa, F. and Varoquaux, G. and Gramfort, A. and Michel, V.
	and Thirion, B. and Grisel, O. and Blondel, M. and Prettenhofer, P.
	and Weiss, R. and Dubourg, V. and Vanderplas, J. and Passos, A. and
	Cournapeau, D. and Brucher, M. and Perrot, M. and Duchesnay, E.},
	journal={Journal of Machine Learning Research},
	volume={12},
	pages={2825--2830},
	year={2011}
}

@article{CKS,
	title={Interrater reliability: the kappa statistic},
	author={McHugh, Mary L},
	journal={Biochemia medica},
	volume={22},
	number={3},
	pages={276--282},
	year={2012},
	publisher={Medicinska naklada}
}

@article{KATRIN,
	title={Improved upper limit on the neutrino mass from a direct kinematic method by KATRIN},
	author={Aker, Max and Altenm{\"u}ller, K and Arenz, M and Babutzka, M and Barrett, J and Bauer, S and Beck, M and Beglarian, A and Behrens, J and Bergmann, T and others},
	journal={Physical review letters},
	volume={123},
	number={22},
	pages={221802},
	year={2019},
	publisher={APS}
}

@techreport{MLHiggs,
	title={Machine learning wins the Higgs challenge},
	author={Phoboo, Abha Eli},
	year={2014}
}

@incollection{superkamiokande,
	title={The Super-Kamiokande Experiment},
	author={Walter, Christopher W and Super-Kamiokande collaboration},
	booktitle={Neutrino Oscillations: Present Status and Future Plans},
	pages={19--43},
	year={2008},
	publisher={World Scientific}
}

@article{SNO,
	title={The sudbury neutrino observatory},
	author={Bellerive, Alain and Klein, JR and McDonald, AB and Noble, AJ and Poon, AWP and SNO Collaboration and others},
	journal={Nuclear Physics B},
	volume={908},
	pages={30--51},
	year={2016},
	publisher={Elsevier}
}

@article{MadGraph,
	title={The automated computation of tree-level and next-to-leading order differential cross sections, and their matching to parton shower simulations},
	volume={2014},
	ISSN={1029-8479},
	url={http://dx.doi.org/10.1007/JHEP07(2014)079},
	DOI={10.1007/jhep07(2014)079},
	number={7},
	journal={Journal of High Energy Physics},
	publisher={Springer Science and Business Media LLC},
	author={Alwall, J. and Frederix, R. and Frixione, S. and Hirschi, V. and Maltoni, F. and Mattelaer, O. and Shao, H.-S. and Stelzer, T. and Torrielli, P. and Zaro, M.},
	year={2014},
	month={Jul}
}

@article{pythia,
	title={PYTHIA 6.4 physics and manual},
	author={Sj{\"o}strand, Torbj{\"o}rn and Mrenna, Stephen and Skands, Peter},
	journal={Journal of High Energy Physics},
	volume={2006},
	number={05},
	pages={026},
	year={2006},
	publisher={IOP Publishing}
}

